<?xml version="1.0" encoding="UTF-8"?><collection xmlns="http://www.loc.gov/MARC21/slim"><record><leader>00490nam--2200193-u-4500</leader><controlfield tag="001">000056785</controlfield><controlfield tag="002">20190705</controlfield><controlfield tag="005">20190705045544</controlfield><controlfield tag="008">190705s1000------------r-----000-0-fra-d</controlfield><datafield ind1=" " ind2=" " tag="040"><subfield code="a">IFIN-HH</subfield></datafield><datafield ind1=" " ind2=" " tag="041"><subfield code="a">fra</subfield></datafield><datafield ind1="1" ind2=" " tag="100"><subfield code="a">Ibrahimov, I</subfield></datafield><datafield ind1="1" ind2="0" tag="245"><subfield code="a">Processus aleatoires gaussiens</subfield><subfield code="c">I. Ibrahimov; Y. Rozanov</subfield></datafield><datafield ind1=" " ind2=" " tag="260"><subfield code="a">Moscou</subfield><subfield code="b">Editions Mir</subfield><subfield code="c">1974</subfield></datafield><datafield ind1=" " ind2=" " tag="300"><subfield code="a">317 p</subfield></datafield><datafield ind1=" " ind2=" " tag="500"><subfield code="a">Donatie Dan Brancus</subfield></datafield><datafield ind1="1" ind2=" " tag="700"><subfield code="a">Rozanov, Y</subfield></datafield><datafield ind1=" " ind2=" " tag="852"><subfield code="a">82721</subfield><subfield code="c">519.2</subfield></datafield><datafield ind1=" " ind2=" " tag="CAT"><subfield code="a">SYS</subfield><subfield code="c">20190705</subfield><subfield code="h">045544</subfield></datafield></record></collection>